@TECHREPORT{ MOUNT-PDR ,
	author = "OHB and ODC and IMT",
	title = "Preliminary Design Report",
	number = "G-350",
	institution = "OHB",
	year = 2021,
  month = 02
}

@TECHREPORT{ GMT.DOC.05211 ,
	author = "H. Fitzpatrick, K. Vogiatzis and R. Conan",
	title = "GMT Observatory Computational Fluid Dynamics Baseline Model",
	number = "GMT-DOC-05211",
	institution = "GMTO",
	year = 2021,
  month = 11
}


@TECHREPORT{ GMT.DOC.05214 ,
	author = "R. Conan, K. Vogiatzis and  H. Fitzpatrick",
	title = "GMT Observatory Computational Fluid Dynamics 2021 Census",
	number = "GMT-DOC-05214",
	institution = "GMTO",
	year = 2021,
  month = 11
}
